@misc{Luger2021,
  author       = {{Luger}, Rodrigo},
  title        = {showyourwork},
  year         = {2021},
  publisher    = {GitHub},
  journal      = {GitHub repository},
  howpublished = {\url{https://github.com/rodluger/showyourwork}},
  commit       = {main}
}

@Article{	  fryer:12,
  author	= "C.~L. {Fryer} and K. {Belczynski} and G. {Wiktorowicz} and
		  M. {Dominik} and V. {Kalogera} and D.~E. {Holz}",
  title		= "{Compact Remnant Mass Function: Dependence on the
		  Explosion Mechanism and Metallicity}",
  journal	= "\apj",
  archiveprefix	= "arXiv",
  eprint	= "1110.1726",
  primaryclass	= "astro-ph.SR",
  keywords	= "black hole physics, stars: neutron, supernovae: general",
  year		= "2012",
  month		= apr,
  volume	= "749",
  eid		= "91",
  pages		= "91",
  doi		= "10.1088/0004-637X/749/1/91",
  adsurl	= "http://adsabs.harvard.edu/abs/2012ApJ...749...91F",
  adsnote	= "Provided by the SAO/NASA Astrophysics Data System"
}

@ARTICLE{spera:15,
       author = {{Spera}, Mario and {Mapelli}, Michela and {Bressan}, Alessandro},
        title = "{The mass spectrum of compact remnants from the PARSEC stellar evolution tracks}",
      journal = {\mnras},
     keywords = {black hole physics, methods: numerical, stars: evolution, stars: mass-loss, stars: neutron, Astrophysics - Solar and Stellar Astrophysics},
         year = 2015,
        month = aug,
       volume = {451},
       number = {4},
        pages = {4086-4103},
          doi = {10.1093/mnras/stv1161},
archivePrefix = {arXiv},
       eprint = {1505.05201},
 primaryClass = {astro-ph.SR},
       adsurl = {https://ui.adsabs.harvard.edu/abs/2015MNRAS.451.4086S},
      adsnote = {Provided by the SAO/NASA Astrophysics Data System}
}

@ARTICLE{mandel:20,
       author = {{Mandel}, Ilya and {M{\"u}ller}, Bernhard},
        title = "{Simple recipes for compact remnant masses and natal kicks}",
      journal = {\mnras},
     keywords = {stars: black holes, stars: neutron, supernovae: general, Astrophysics - High Energy Astrophysical Phenomena, Astrophysics - Astrophysics of Galaxies, Astrophysics - Solar and Stellar Astrophysics},
         year = 2020,
        month = dec,
       volume = {499},
       number = {3},
        pages = {3214-3221},
          doi = {10.1093/mnras/staa3043},
archivePrefix = {arXiv},
       eprint = {2006.08360},
 primaryClass = {astro-ph.HE},
       adsurl = {https://ui.adsabs.harvard.edu/abs/2020MNRAS.499.3214M},
      adsnote = {Provided by the SAO/NASA Astrophysics Data System}
}

@ARTICLE{couch:20,
       author = {{Couch}, Sean M. and {Warren}, MacKenzie L. and {O'Connor}, Evan P.},
        title = "{Simulating Turbulence-aided Neutrino-driven Core-collapse Supernova Explosions in One Dimension}",
      journal = {\apj},
     keywords = {304, 1668, 767, 1666, 732, 301, Astrophysics - High Energy Astrophysical Phenomena},
         year = 2020,
        month = feb,
       volume = {890},
       number = {2},
          eid = {127},
        pages = {127},
          doi = {10.3847/1538-4357/ab609e},
archivePrefix = {arXiv},
       eprint = {1902.01340},
 primaryClass = {astro-ph.HE},
       adsurl = {https://ui.adsabs.harvard.edu/abs/2020ApJ...890..127C},
      adsnote = {Provided by the SAO/NASA Astrophysics Data System}
}

@ARTICLE{zapartas:21,
       author = {{Zapartas}, E. and {Renzo}, M. and {Fragos}, T. and {Dotter}, A. and {Andrews}, J.~J. and {Bavera}, S.~S. and {Coughlin}, S. and {Misra}, D. and {Kovlakas}, K. and {Rom{\'a}n-Garza}, J. and {Serra}, J.~G. and {Qin}, Y. and {Rocha}, K.~A. and {Tran}, N.~H.},
        title = "{Revisiting the explodability of single massive star progenitors of stripped-envelope supernovae}",
      journal = {arXiv e-prints},
     keywords = {Astrophysics - High Energy Astrophysical Phenomena, Astrophysics - Solar and Stellar Astrophysics},
         year = 2021,
        month = jun,
          eid = {arXiv:2106.05228},
        pages = {arXiv:2106.05228},
archivePrefix = {arXiv},
       eprint = {2106.05228},
 primaryClass = {astro-ph.HE},
       adsurl = {https://ui.adsabs.harvard.edu/abs/2021arXiv210605228Z},
      adsnote = {Provided by the SAO/NASA Astrophysics Data System}
}

@Article{	  stevenson:19,
  author	= "S. {Stevenson} and M. {Sampson} and J. {Powell} and A.
		  {Vigna-G{\'o}mez} and C.~J. {Neijssel} and D. {Sz{\'e}csi}
		  and I. {Mandel}",
  title		= "{The impact of pair-instability mass loss on the binary
		  black hole mass distribution}",
  journal	= "",
  archiveprefix	= "arXiv",
  eprint	= "1904.02821",
  primaryclass	= "astro-ph.HE",
  keywords	= "Astrophysics - High Energy Astrophysical Phenomena,
		  General Relativity and Quantum Cosmology",
  year		= "2019",
  month		= apr,
  adsurl	= "http://adsabs.harvard.edu/abs/2019arXiv190402821S",
  adsnote	= "Provided by the SAO/NASA Astrophysics Data System"
}

@Article{	  marchant:19,
  adsnote	= {Provided by the SAO/NASA Astrophysics Data System},
  adsurl	= {https://ui.adsabs.harvard.edu/abs/2019ApJ...882...36M},
  archiveprefix	= {arXiv},
  author	= {{Marchant}, Pablo and {Renzo}, Mathieu and {Farmer},
		  Robert and {Pappas}, Kaliroe M.~W. and {Taam}, Ronald E.
		  and {de Mink}, Selma E. and {Kalogera}, Vassiliki},
  doi		= {10.3847/1538-4357/ab3426},
  eid		= {36},
  eprint	= {1810.13412},
  journal	= {\apj},
  keywords	= {binaries: close, stars: black holes, stars: massive,
		  supernovae: general, Astrophysics - High Energy
		  Astrophysical Phenomena, Astrophysics - Solar and Stellar
		  Astrophysics},
  month		= {September},
  number	= {1},
  pages		= {36},
  primaryclass	= {astro-ph.HE},
  title		= {{Pulsational Pair-instability Supernovae in Very Close
		  Binaries}},
  volume	= {882},
  year		= {2019}
}

@Article{	  farmer:19,
  adsnote	= {Provided by the SAO/NASA Astrophysics Data System},
  adsurl	= {https://ui.adsabs.harvard.edu/abs/2019ApJ...887...53F},
  archiveprefix	= {arXiv},
  author	= {{Farmer}, R. and {Renzo}, M. and {de Mink}, S.~E. and
		  {Marchant}, P. and {Justham}, S.},
  doi		= {10.3847/1538-4357/ab518b},
  eid		= {53},
  eprint	= {1910.12874},
  journal	= {\apj},
  keywords	= {Massive stars, Stellar mass loss, Supernovae,
		  Astrophysical black holes, Stellar mass black holes,
		  Stellar evolution, Astrophysics - Solar and Stellar
		  Astrophysics, Astrophysics - High Energy Astrophysical
		  Phenomena},
  month		= {December},
  number	= {1},
  pages		= {53},
  primaryclass	= {astro-ph.SR},
  title		= {{Mind the Gap: The Location of the Lower Edge of the
		  Pair-instability Supernova Black Hole Mass Gap}},
  volume	= {887},
  year		= {2019}
}


@ARTICLE{vanson:21,
       author = {{van Son}, L.~A.~C. and {de Mink}, S.~E. and {Callister}, T. and {Justham}, S. and {Renzo}, M. and {Wagg}, T. and {Broekgaarden}, F.~S. and {Kummer}, F. and {Pakmor}, R. and {Mandel}, I.},
        title = "{The redshift evolution of the binary black hole merger rate: a weighty matter}",
      journal = {arXiv e-prints},
     keywords = {Astrophysics - High Energy Astrophysical Phenomena, Astrophysics - Astrophysics of Galaxies, General Relativity and Quantum Cosmology},
         year = 2021,
        month = oct,
          eid = {arXiv:2110.01634},
        pages = {arXiv:2110.01634},
archivePrefix = {arXiv},
       eprint = {2110.01634},
 primaryClass = {astro-ph.HE},
       adsurl = {https://ui.adsabs.harvard.edu/abs/2021arXiv211001634V},
      adsnote = {Provided by the SAO/NASA Astrophysics Data System}
}
