@misc{Luger2021,
  author       = {{Luger}, Rodrigo},
  title        = {showyourwork},
  year         = {2021},
  publisher    = {GitHub},
  journal      = {GitHub repository},
  howpublished = {\url{https://github.com/rodluger/showyourwork}},
  commit       = {main}
}

@Article{	  fryer:12,
  author	= "C.~L. {Fryer} and K. {Belczynski} and G. {Wiktorowicz} and
		  M. {Dominik} and V. {Kalogera} and D.~E. {Holz}",
  title		= "{Compact Remnant Mass Function: Dependence on the
		  Explosion Mechanism and Metallicity}",
  journal	= "\apj",
  archiveprefix	= "arXiv",
  eprint	= "1110.1726",
  primaryclass	= "astro-ph.SR",
  keywords	= "black hole physics, stars: neutron, supernovae: general",
  year		= "2012",
  month		= apr,
  volume	= "749",
  eid		= "91",
  pages		= "91",
  doi		= "10.1088/0004-637X/749/1/91",
  adsurl	= "http://adsabs.harvard.edu/abs/2012ApJ...749...91F",
  adsnote	= "Provided by the SAO/NASA Astrophysics Data System"
}

@ARTICLE{spera:15,
       author = {{Spera}, Mario and {Mapelli}, Michela and {Bressan}, Alessandro},
        title = "{The mass spectrum of compact remnants from the PARSEC stellar evolution tracks}",
      journal = {\mnras},
     keywords = {black hole physics, methods: numerical, stars: evolution, stars: mass-loss, stars: neutron, Astrophysics - Solar and Stellar Astrophysics},
         year = 2015,
        month = aug,
       volume = {451},
       number = {4},
        pages = {4086-4103},
          doi = {10.1093/mnras/stv1161},
archivePrefix = {arXiv},
       eprint = {1505.05201},
 primaryClass = {astro-ph.SR},
       adsurl = {https://ui.adsabs.harvard.edu/abs/2015MNRAS.451.4086S},
      adsnote = {Provided by the SAO/NASA Astrophysics Data System}
}

@ARTICLE{mandel:20,
       author = {{Mandel}, Ilya and {M{\"u}ller}, Bernhard},
        title = "{Simple recipes for compact remnant masses and natal kicks}",
      journal = {\mnras},
     keywords = {stars: black holes, stars: neutron, supernovae: general, Astrophysics - High Energy Astrophysical Phenomena, Astrophysics - Astrophysics of Galaxies, Astrophysics - Solar and Stellar Astrophysics},
         year = 2020,
        month = dec,
       volume = {499},
       number = {3},
        pages = {3214-3221},
          doi = {10.1093/mnras/staa3043},
archivePrefix = {arXiv},
       eprint = {2006.08360},
 primaryClass = {astro-ph.HE},
       adsurl = {https://ui.adsabs.harvard.edu/abs/2020MNRAS.499.3214M},
      adsnote = {Provided by the SAO/NASA Astrophysics Data System}
}

@ARTICLE{couch:20,
       author = {{Couch}, Sean M. and {Warren}, MacKenzie L. and {O'Connor}, Evan P.},
        title = "{Simulating Turbulence-aided Neutrino-driven Core-collapse Supernova Explosions in One Dimension}",
      journal = {\apj},
     keywords = {304, 1668, 767, 1666, 732, 301, Astrophysics - High Energy Astrophysical Phenomena},
         year = 2020,
        month = feb,
       volume = {890},
       number = {2},
          eid = {127},
        pages = {127},
          doi = {10.3847/1538-4357/ab609e},
archivePrefix = {arXiv},
       eprint = {1902.01340},
 primaryClass = {astro-ph.HE},
       adsurl = {https://ui.adsabs.harvard.edu/abs/2020ApJ...890..127C},
      adsnote = {Provided by the SAO/NASA Astrophysics Data System}
}

@ARTICLE{zapartas:21,
       author = {{Zapartas}, E. and {Renzo}, M. and {Fragos}, T. and {Dotter}, A. and {Andrews}, J.~J. and {Bavera}, S.~S. and {Coughlin}, S. and {Misra}, D. and {Kovlakas}, K. and {Rom{\'a}n-Garza}, J. and {Serra}, J.~G. and {Qin}, Y. and {Rocha}, K.~A. and {Tran}, N.~H.},
        title = "{Revisiting the explodability of single massive star progenitors of stripped-envelope supernovae}",
      journal = {arXiv e-prints},
     keywords = {Astrophysics - High Energy Astrophysical Phenomena, Astrophysics - Solar and Stellar Astrophysics},
         year = 2021,
        month = jun,
          eid = {arXiv:2106.05228},
        pages = {arXiv:2106.05228},
archivePrefix = {arXiv},
       eprint = {2106.05228},
 primaryClass = {astro-ph.HE},
       adsurl = {https://ui.adsabs.harvard.edu/abs/2021arXiv210605228Z},
      adsnote = {Provided by the SAO/NASA Astrophysics Data System}
}

@Article{	  stevenson:19,
       author = {{Stevenson}, Simon and {Sampson}, Matthew and {Powell}, Jade and {Vigna-G{\'o}mez}, Alejandro and {Neijssel}, Coenraad J. and {Sz{\'e}csi}, Dorottya and {Mandel}, Ilya},
        title = "{The Impact of Pair-instability Mass Loss on the Binary Black Hole Mass Distribution}",
      journal = {\apj},
     keywords = {Gravitational waves, Gravitational wave astronomy, Black holes, Supernovae, 678, 675, 162, 1668, Astrophysics - High Energy Astrophysical Phenomena, General Relativity and Quantum Cosmology},
         year = 2019,
        month = sep,
       volume = {882},
       number = {2},
          eid = {121},
        pages = {121},
          doi = {10.3847/1538-4357/ab3981},
archivePrefix = {arXiv},
       eprint = {1904.02821},
 primaryClass = {astro-ph.HE},
       adsurl = {https://ui.adsabs.harvard.edu/abs/2019ApJ...882..121S},
      adsnote = {Provided by the SAO/NASA Astrophysics Data System}
}

@Article{	  marchant:19,
  adsnote	= {Provided by the SAO/NASA Astrophysics Data System},
  adsurl	= {https://ui.adsabs.harvard.edu/abs/2019ApJ...882...36M},
  archiveprefix	= {arXiv},
  author	= {{Marchant}, Pablo and {Renzo}, Mathieu and {Farmer},
		  Robert and {Pappas}, Kaliroe M.~W. and {Taam}, Ronald E.
		  and {de Mink}, Selma E. and {Kalogera}, Vassiliki},
  doi		= {10.3847/1538-4357/ab3426},
  eid		= {36},
  eprint	= {1810.13412},
  journal	= {\apj},
  keywords	= {binaries: close, stars: black holes, stars: massive,
		  supernovae: general, Astrophysics - High Energy
		  Astrophysical Phenomena, Astrophysics - Solar and Stellar
		  Astrophysics},
  month		= {September},
  number	= {1},
  pages		= {36},
  primaryclass	= {astro-ph.HE},
  title		= {{Pulsational Pair-instability Supernovae in Very Close
		  Binaries}},
  volume	= {882},
  year		= {2019}
}

@Article{	  farmer:19,
  adsnote	= {Provided by the SAO/NASA Astrophysics Data System},
  adsurl	= {https://ui.adsabs.harvard.edu/abs/2019ApJ...887...53F},
  archiveprefix	= {arXiv},
  author	= {{Farmer}, R. and {Renzo}, M. and {de Mink}, S.~E. and
		  {Marchant}, P. and {Justham}, S.},
  doi		= {10.3847/1538-4357/ab518b},
  eid		= {53},
  eprint	= {1910.12874},
  journal	= {\apj},
  keywords	= {Massive stars, Stellar mass loss, Supernovae,
		  Astrophysical black holes, Stellar mass black holes,
		  Stellar evolution, Astrophysics - Solar and Stellar
		  Astrophysics, Astrophysics - High Energy Astrophysical
		  Phenomena},
  month		= {December},
  number	= {1},
  pages		= {53},
  primaryclass	= {astro-ph.SR},
  title		= {{Mind the Gap: The Location of the Lower Edge of the
		  Pair-instability Supernova Black Hole Mass Gap}},
  volume	= {887},
  year		= {2019}
}


@ARTICLE{vanson:21,
       author = {{van Son}, L.~A.~C. and {de Mink}, S.~E. and {Callister}, T. and {Justham}, S. and {Renzo}, M. and {Wagg}, T. and {Broekgaarden}, F.~S. and {Kummer}, F. and {Pakmor}, R. and {Mandel}, I.},
        title = "{The redshift evolution of the binary black hole merger rate: a weighty matter}",
      journal = {arXiv e-prints},
     keywords = {Astrophysics - High Energy Astrophysical Phenomena, Astrophysics - Astrophysics of Galaxies, General Relativity and Quantum Cosmology},
         year = 2021,
        month = oct,
          eid = {arXiv:2110.01634},
        pages = {arXiv:2110.01634},
archivePrefix = {arXiv},
       eprint = {2110.01634},
 primaryClass = {astro-ph.HE},
       adsurl = {https://ui.adsabs.harvard.edu/abs/2021arXiv211001634V},
      adsnote = {Provided by the SAO/NASA Astrophysics Data System}
}


@ARTICLE{patton:21,
       author = {{Patton}, Rachel A. and {Sukhbold}, Tuguldur and {Eldridge}, J.~J.},
        title = "{Comparing Compact Object Distributions from Mass- and Presupernova Core Structure-based Prescriptions}",
      journal = {arXiv e-prints},
     keywords = {Astrophysics - High Energy Astrophysical Phenomena},
         year = 2021,
        month = jun,
          eid = {arXiv:2106.05978},
        pages = {arXiv:2106.05978},
archivePrefix = {arXiv},
       eprint = {2106.05978},
 primaryClass = {astro-ph.HE},
       adsurl = {https://ui.adsabs.harvard.edu/abs/2021arXiv210605978P},
      adsnote = {Provided by the SAO/NASA Astrophysics Data System}
}


@ARTICLE{patton:20,
       author = {{Patton}, Rachel A. and {Sukhbold}, Tuguldur},
        title = "{Towards a realistic explosion landscape for binary population synthesis}",
      journal = {\mnras},
     keywords = {stars: evolution, stars: massive, supernovae: general, Astrophysics - Solar and Stellar Astrophysics, Astrophysics - High Energy Astrophysical Phenomena},
         year = 2020,
        month = dec,
       volume = {499},
       number = {2},
        pages = {2803-2816},
          doi = {10.1093/mnras/staa3029},
archivePrefix = {arXiv},
       eprint = {2005.03055},
 primaryClass = {astro-ph.SR},
       adsurl = {https://ui.adsabs.harvard.edu/abs/2020MNRAS.499.2803P},
      adsnote = {Provided by the SAO/NASA Astrophysics Data System}
}


@Article{	  woosley:17,
  author	= "S.~E. {Woosley}",
  title		= "{Pulsational Pair-instability Supernovae}",
  journal	= "\apj",
  archiveprefix	= "arXiv",
  eprint	= "1608.08939",
  primaryclass	= "astro-ph.HE",
  keywords	= "stars: black holes, stars: evolution, gravitational waves,
		  hydrodynamics, nuclear reactions, nucleosynthesis,
		  abundances, supernovae: general",
  year		= "2017",
  month		= feb,
  volume	= "836",
  eid		= "244",
  pages		= "244",
  doi		= "10.3847/1538-4357/836/2/244",
  adsurl	= "http://adsabs.harvard.edu/abs/2017ApJ...836..244W",
  adsnote	= "Provided by the SAO/NASA Astrophysics Data System"
}

@ARTICLE{belczynski:16,
       author = {{Belczynski}, K. and {Heger}, A. and {Gladysz}, W. and {Ruiter}, A.~J. and {Woosley}, S. and {Wiktorowicz}, G. and {Chen}, H. -Y. and {Bulik}, T. and {O'Shaughnessy}, R. and {Holz}, D.~E. and {Fryer}, C.~L. and {Berti}, E.},
        title = "{The effect of pair-instability mass loss on black-hole mergers}",
      journal = {\aap},
     keywords = {stars: massive, black hole physics, gravitational waves, Astrophysics - High Energy Astrophysical Phenomena},
         year = 2016,
        month = oct,
       volume = {594},
          eid = {A97},
        pages = {A97},
          doi = {10.1051/0004-6361/201628980},
archivePrefix = {arXiv},
       eprint = {1607.03116},
 primaryClass = {astro-ph.HE},
       adsurl = {https://ui.adsabs.harvard.edu/abs/2016A&A...594A..97B},
      adsnote = {Provided by the SAO/NASA Astrophysics Data System}
}




@ARTICLE{renzo:20conv,
       author = {{Renzo}, M. and {Farmer}, R.~J. and {Justham}, S. and {de Mink}, S.~E. and {G{\"o}tberg}, Y. and {Marchant}, P.},
        title = "{Sensitivity of the lower edge of the pair-instability black hole mass gap to the treatment of time-dependent convection}",
      journal = {\mnras},
     keywords = {convection, methods: numerical, stars: black holes, stars: massive, Astrophysics - Solar and Stellar Astrophysics, Astrophysics - High Energy Astrophysical Phenomena},
         year = 2020,
        month = apr,
       volume = {493},
       number = {3},
        pages = {4333-4341},
          doi = {10.1093/mnras/staa549},
archivePrefix = {arXiv},
       eprint = {2002.08200},
 primaryClass = {astro-ph.SR},
       adsurl = {https://ui.adsabs.harvard.edu/abs/2020MNRAS.493.4333R},
      adsnote = {Provided by the SAO/NASA Astrophysics Data System}
}


@ARTICLE{costa:21,
       author = {{Costa}, Guglielmo and {Bressan}, Alessandro and {Mapelli}, Michela and {Marigo}, Paola and {Iorio}, Giuliano and {Spera}, Mario},
        title = "{Formation of GW190521 from stellar evolution: the impact of the hydrogen-rich envelope, dredge-up, and $^{12}$C({\ensuremath{\alpha}}, {\ensuremath{\gamma}})$^{16}$O rate on the pair-instability black hole mass gap}",
      journal = {\mnras},
     keywords = {convection, stars: black holes, stars: evolution, stars: interiors, stars: massive, stars: mass-loss, Astrophysics - Solar and Stellar Astrophysics},
         year = 2021,
        month = mar,
       volume = {501},
       number = {3},
        pages = {4514-4533},
          doi = {10.1093/mnras/staa3916},
archivePrefix = {arXiv},
       eprint = {2010.02242},
 primaryClass = {astro-ph.SR},
       adsurl = {https://ui.adsabs.harvard.edu/abs/2021MNRAS.501.4514C},
      adsnote = {Provided by the SAO/NASA Astrophysics Data System}
}


@ARTICLE{woosley:21,
       author = {{Woosley}, S.~E. and {Heger}, Alexander},
        title = "{The Pair-instability Mass Gap for Black Holes}",
      journal = {\apjl},
     keywords = {Stellar mass black holes, Core-collapse supernovae, Hypernovae, Gravitational wave astronomy, 1611, 304, 775, 675, Astrophysics - Solar and Stellar Astrophysics, Astrophysics - High Energy Astrophysical Phenomena, General Relativity and Quantum Cosmology, Nuclear Theory},
         year = 2021,
        month = may,
       volume = {912},
       number = {2},
          eid = {L31},
        pages = {L31},
          doi = {10.3847/2041-8213/abf2c4},
archivePrefix = {arXiv},
       eprint = {2103.07933},
 primaryClass = {astro-ph.SR},
       adsurl = {https://ui.adsabs.harvard.edu/abs/2021ApJ...912L..31W},
      adsnote = {Provided by the SAO/NASA Astrophysics Data System}
}


@ARTICLE{lovegrove:13,
       author = {{Lovegrove}, Elizabeth and {Woosley}, S.~E.},
        title = "{Very Low Energy Supernovae from Neutrino Mass Loss}",
      journal = {\apj},
     keywords = {black hole physics, shock waves, stars: massive, stars: neutron, supernovae: general, Astrophysics - High Energy Astrophysical Phenomena},
         year = 2013,
        month = jun,
       volume = {769},
       number = {2},
          eid = {109},
        pages = {109},
          doi = {10.1088/0004-637X/769/2/109},
archivePrefix = {arXiv},
       eprint = {1303.5055},
 primaryClass = {astro-ph.HE},
       adsurl = {https://ui.adsabs.harvard.edu/abs/2013ApJ...769..109L},
      adsnote = {Provided by the SAO/NASA Astrophysics Data System}
}


@ARTICLE{nadezhin:80,
       author = {{Nadezhin}, D.~K.},
        title = "{Some Secondary Indications of Gravitational Collapse}",
      journal = {\apss},
     keywords = {Gravitational Collapse, Hydrodynamic Equations, Stellar Envelopes, Stellar Mass Ejection, Stellar Motions, Cores, Neutrinos, Stellar Evolution, Stellar Models, Astrophysics},
         year = 1980,
        month = may,
       volume = {69},
       number = {1},
        pages = {115-125},
          doi = {10.1007/BF00638971},
       adsurl = {https://ui.adsabs.harvard.edu/abs/1980Ap&SS..69..115N},
      adsnote = {Provided by the SAO/NASA Astrophysics Data System}
}


@ARTICLE{renzo:20csm,
       author = {{Renzo}, M. and {Farmer}, R. and {Justham}, S. and {G{\"o}tberg}, Y. and {de Mink}, S.~E. and {Zapartas}, E. and {Marchant}, P. and {Smith}, N.},
        title = "{Predictions for the hydrogen-free ejecta of pulsational pair-instability supernovae}",
      journal = {\aap},
     keywords = {stars: massive, stars: evolution, stars: black holes, stars: mass-loss, supernovae: general, Astrophysics - Solar and Stellar Astrophysics, Astrophysics - High Energy Astrophysical Phenomena},
         year = 2020,
        month = aug,
       volume = {640},
          eid = {A56},
        pages = {A56},
          doi = {10.1051/0004-6361/202037710},
archivePrefix = {arXiv},
       eprint = {2002.05077},
 primaryClass = {astro-ph.SR},
       adsurl = {https://ui.adsabs.harvard.edu/abs/2020A&A...640A..56R},
      adsnote = {Provided by the SAO/NASA Astrophysics Data System}
}

@ARTICLE{powell:21,
       author = {{Powell}, Jade and {M{\"u}ller}, Bernhard and {Heger}, Alexander},
        title = "{The final core collapse of pulsational pair instability supernovae}",
      journal = {\mnras},
     keywords = {gravitational waves, transients: supernovae, Astrophysics - High Energy Astrophysical Phenomena},
         year = 2021,
        month = may,
       volume = {503},
       number = {2},
        pages = {2108-2122},
          doi = {10.1093/mnras/stab614},
archivePrefix = {arXiv},
       eprint = {2101.06889},
 primaryClass = {astro-ph.HE},
       adsurl = {https://ui.adsabs.harvard.edu/abs/2021MNRAS.503.2108P},
      adsnote = {Provided by the SAO/NASA Astrophysics Data System}
}

@ARTICLE{mehta:21,
       author = {{Mehta}, Ajit Kumar and {Buonanno}, Alessandra and {Gair}, Jonathan and {Miller}, M. Coleman and {Farag}, Ebraheem and {deBoer}, R.~J. and {Wiescher}, M. and {Timmes}, F.~X.},
        title = "{Observing intermediate-mass black holes and the upper--stellar-mass gap with LIGO and Virgo}",
      journal = {arXiv e-prints},
     keywords = {General Relativity and Quantum Cosmology, Astrophysics - High Energy Astrophysical Phenomena},
         year = 2021,
        month = may,
          eid = {arXiv:2105.06366},
        pages = {arXiv:2105.06366},
archivePrefix = {arXiv},
       eprint = {2105.06366},
 primaryClass = {gr-qc},
       adsurl = {https://ui.adsabs.harvard.edu/abs/2021arXiv210506366M},
      adsnote = {Provided by the SAO/NASA Astrophysics Data System}
}


@ARTICLE{farmer:20,
       author = {{Farmer}, R. and {Renzo}, M. and {de Mink}, S.~E. and {Fishbach}, M. and {Justham}, S.},
        title = "{Constraints from Gravitational-wave Detections of Binary Black Hole Mergers on the $^{12}$C({\ensuremath{\alpha}}, {\ensuremath{\gamma}})$^{16}$O Rate}",
      journal = {\apjl},
     keywords = {Stellar evolution, Supernovae, Core-collapse supernovae, Nuclear astrophysics, Stellar mass black holes, Astrophysical black holes, Massive stars, Late stellar evolution, 1599, 1668, 304, 1129, 1611, 98, 732, 911, Astrophysics - High Energy Astrophysical Phenomena},
         year = 2020,
        month = oct,
       volume = {902},
       number = {2},
          eid = {L36},
        pages = {L36},
          doi = {10.3847/2041-8213/abbadd},
archivePrefix = {arXiv},
       eprint = {2006.06678},
 primaryClass = {astro-ph.HE},
       adsurl = {https://ui.adsabs.harvard.edu/abs/2020ApJ...902L..36F},
      adsnote = {Provided by the SAO/NASA Astrophysics Data System}
}
